@inproceedings{sowmiya2022facial,
  title={Facial emotion recognition using deep learning approach},
  author={Sowmiya, R and Sivakamasundari, G and Archana, V},
  booktitle={2022 International Conference on Automation, Computing and Renewable Systems (ICACRS)},
  pages={1064--1069},
  year={2022},
  organization={IEEE}
}

@article{li2021efficient,
  title={Efficient densely connected convolutional neural networks},
  author={Li, Guoqing and Zhang, Meng and Li, Jiaojie and Lv, Feng and Tong, Guodong},
  journal={Pattern Recognition},
  volume={109},
  pages={107610},
  year={2021},
  publisher={Elsevier}
}

@article{marin2020emotion,
  title={Emotion recognition in immersive virtual reality: From statistics to affective computing},
  author={Mar{\'\i}n-Morales, Javier and Llinares, Carmen and Guixeres, Jaime and Alca{\~n}iz, Mariano},
  journal={Sensors},
  volume={20},
  number={18},
  pages={5163},
  year={2020},
  publisher={MDPI}
}

@article{wang2022systematic,
  title={A systematic review on affective computing: Emotion models, databases, and recent advances},
  author={Wang, Yan and Song, Wei and Tao, Wei and Liotta, Antonio and Yang, Dawei and Li, Xinlei and Gao, Shuyong and Sun, Yixuan and Ge, Weifeng and Zhang, Wei and others},
  journal={Information Fusion},
  volume={83},
  pages={19--52},
  year={2022},
  publisher={Elsevier}
}

@article{nandwani2021review,
  title={A review on sentiment analysis and emotion detection from text},
  author={Nandwani, Pansy and Verma, Rupali},
  journal={Social network analysis and mining},
  volume={11},
  number={1},
  pages={81},
  year={2021},
  publisher={Springer}
}

@article{neyshabur2020being,
  title={What is being transferred in transfer learning?},
  author={Neyshabur, Behnam and Sedghi, Hanie and Zhang, Chiyuan},
  journal={Advances in neural information processing systems},
  volume={33},
  pages={512--523},
  year={2020}
}